@article{mcdougall1921effects,
  title={Effects of Alcohol and some other Drugs during Normal and Fatigued Conditions},
  author={McDougall, W and Smith, May},
  journal={Journal of the Institute of Brewing},
  volume={27},
  number={3},
  pages={119--120},
  year={1921},
  publisher={Wiley Online Library}
}

@article{kruschke2013bayesian,
  title={Bayesian estimation supersedes the t test.},
  author={Kruschke, John K},
  journal={Journal of Experimental Psychology: General},
  volume={142},
  number={2},
  pages={573},
  year={2013},
  publisher={American Psychological Association}
}

@book{kruschke2014doing,
  title={Doing Bayesian data analysis: A tutorial with R, JAGS, and Stan},
  author={Kruschke, John},
  year={2014},
  publisher={Academic Press}
}

@article{schonbrodt2018bayes,
  title={Bayes factor design analysis: Planning for compelling evidence},
  author={Sch{\"o}nbrodt, Felix D and Wagenmakers, Eric-Jan},
  journal={Psychonomic bulletin \& review},
  volume={25},
  number={1},
  pages={128--142},
  year={2018},
  publisher={Springer}
}
